@incollection{burkard:98,
  title      = {The Quadratic Assignment Problem},
  author     = {Burkard, Rainer E and Cela, Eranda and Pardalos, Panos M and Pitsoulis, Leonidas S},
  booktitle  = {Handbook of Combinatorial Optimization},
  year       = {1998},
  publisher  = {Springer}
}

@article{brixius:01,
  title      = {The Steinberg Wiring Problem},
  author     = {Brixius, Nathan W and Anstreicher, Kurt M},
  journal    = {SIAM},
  year       = {2001}
}

@article{sahni:76,
  author     = {Sahni, Sartaj and Gonzalez, Teofilo},
  title      = {P-complete approximation problems},
  journal    = {Journal of the ACM (JACM)},
  volume     = {23},
  number     = {3},
  year       = {1976},
  publisher  = {ACM},
  address    = {New York, NY, USA}
}